<record><leader>00000cas a22000007a 4500</leader><controlfield tag="001">11437393</controlfield><controlfield tag="008">841130d18511852inuwx ne      0    0eng d</controlfield><datafield ind1=" " ind2=" " tag="010"><subfield code="a">sn 84045492 </subfield></datafield><datafield ind1=" " ind2=" " tag="040"><subfield code="a">NPI</subfield><subfield code="b">eng</subfield><subfield code="c">NPI</subfield><subfield code="d">IUL</subfield><subfield code="d">OCL</subfield><subfield code="d">OCLCF</subfield><subfield code="d">OCLCO</subfield></datafield><datafield ind1=" " ind2=" " tag="042"><subfield code="a">msc</subfield></datafield><datafield ind1="0" ind2=" " tag="130"><subfield code="a">Express (Cannelton, Ind.)</subfield></datafield><datafield ind1="0" ind2="4" tag="245"><subfield code="a">The express.</subfield></datafield><datafield ind1=" " ind2=" " tag="260"><subfield code="a">Cannelton, Perry Co., Ind. :</subfield><subfield code="b">J.M. Beatty and L.L. Burke,</subfield><subfield code="c">1851-</subfield></datafield><datafield ind1=" " ind2=" " tag="300"><subfield code="a">1 v. ;</subfield><subfield code="c">58 cm.</subfield></datafield><datafield ind1=" " ind2=" " tag="310"><subfield code="a">Weekly</subfield></datafield><datafield ind1="0" ind2=" " tag="362"><subfield code="a">Vol. 1, no. 1 (Dec. 6, 1851)-</subfield></datafield><datafield ind1="1" ind2=" " tag="362"><subfield code="a">Ceased in 1852.</subfield></datafield><datafield ind1=" " ind2="0" tag="651"><subfield code="a">Cannelton (Ind.)</subfield><subfield code="v">Newspapers.</subfield></datafield><datafield ind1=" " ind2="7" tag="655"><subfield code="a">Newspapers.</subfield><subfield code="2">fast</subfield><subfield code="0">(OCoLC)fst01423814</subfield></datafield><datafield ind1=" " ind2="7" tag="651"><subfield code="a">Indiana</subfield><subfield code="z">Cannelton.</subfield><subfield code="2">fast</subfield><subfield code="0">(OCoLC)fst01249926</subfield></datafield><datafield ind1=" " ind2=" " tag="752"><subfield code="a">United States</subfield><subfield code="b">Indiana</subfield><subfield code="c">Perry</subfield><subfield code="d">Cannelton.</subfield></datafield><datafield ind1="0" ind2="0" tag="785"><subfield code="t">Indiana weekly express</subfield><subfield code="w">(DLC)sn 84045493</subfield><subfield code="w">(OCoLC)11437707</subfield></datafield></record>